1890 3436
108 354 181 418 dem
203 354 320 438 potest,
341 348 392 414 sed
414 347 547 414 subtilius
575 349 741 413 exhalando
768 349 842 432 perit

108 439 190 503 unde
209 455 287 522 patet
314 436 402 499 causa
427 434 558 498 ferociae
580 436 773 516 animalium,
796 456 846 515 que

109 534 146 587 ex
167 541 251 607 raptu
268 521 417 604 aliorum,
437 539 503 600 qnae
515 519 584 583 viva
596 519 760 600 devorant,
774 524 846 582 alun

110 623 168 672 tur.

152 689 200 754 Ex
222 681 392 774 gallinaceo
416 707 525 773 genere
553 699 690 769 paratum
710 688 846 768 praefertu

111 774 242 852 ceteris,
270 775 434 854 vitulinum
456 772 554 854 dein,
587 771 686 853 postea
712 774 845 836 ovillum

111 859 259 920 bubulum
281 857 426 939 denique,
446 859 625 936 probantur:
649 877 714 936 quae
733 876 774 938 ¹en
798 875 846 937 per

113 941 203 1007 mistis
220 942 317 1024 fiunt,
338 943 504 1006 meraciora
518 943 661 1005 habentur
680 942 811 1021 reliquis.

340 1111 511 1184 Decretum
527 1113 641 1183 Panis.

116 1276 268 1364 nnPamt
285 1280 377 1346 tritici
401 1299 465 1338 cum
479 1275 645 1355 furfuribus
670 1278 724 1339 rite*
733 1279 846 1356 fermen

176 1368 247 1442 rati,
267 1360 310 1422 bis
325 1361 405 1423 colli.
435 1382 498 1424 unc.
506 1361 569 1443 viij.

178 1445 233 1532 Aq.
244 1444 368 1531 putealis
380 1443 516 1532 puriffim.
540 1445 617 1526 niij‘
809 1524 811 1529 .

117 1529 228 1612 Coque
242 1533 274 1596 in
295 1530 364 1594 vase
392 1532 521 1616 figulino
542 1530 645 1594 clauso
667 1549 719 1612 per
738 1530 846 1614 spatiur

119 1635 145 1677 1.
154 1619 234 1680 horae
246 1663 257 1695 ‚
273 1614 411 1678 addendo
422 1615 537 1693 semper
546 1663 555 1695 ,
564 1631 712 1695 quantum
724 1617 846 1682 coenon

115 1701 233 1761 exhalat
247 1740 259 1777 ‚-
276 1717 381 1777 aque,
403 1695 472 1758 dein
488 1701 559 1758 cola
573 1717 623 1778 per
642 1699 803 1762 setaceum.

246 1887 248 1890 ·
316 1863 468 1934 Gelatinn
486 1867 583 1935 Panis
598 1864 667 1956 fit,

157 2029 188 2092 Si
206 2027 370 2123 decentum
380 2030 550 2113 praecedens
565 2035 680 2097 exhalat
699 2036 736 2098 ad
752 2039 846 2123 ignerr

117 2113 222 2262 (clgrerge
235 2134 299 2196 erus
314 2118 481 2197 pauxfllum
492 2121 523 2183 in
535 2119 631 2199 lapide
638 2119 746 2240 frigide
764 2126 846 2188 t'usur

322 2361 449 2431 Cremor
467 2361 572 2432 Panis
585 2365 667 2453 erit,

161 2523 193 2588 Si
205 2524 395 2611 frigefa&um
409 2527 573 2593 deconum
581 2528 792 2611 spiffitudinem
805 2554 846 2598 cr<

119 2611 213 2672 moris
232 2610 337 2675 induit.

125 2690 131 2703 '
159 2691 191 2756 Si
207 2695 297 2774 hujus
314 2694 453 2760 Gelarinae
470 2698 637 2779 pauni-llum
657 2697 748 2783 laeti,
766 2702 846 2783 juscr

120 2782 170 2858 lo,
190 2779 283 2860 vin0,
305 2783 465 2862 cerevifiae‚
486 2799 536 2846 aut
555 2803 639 2862 aque
653 2784 808 2870 miscetur,
832 2787 846 2850 t

120 2879 174 2929 unt
191 2865 270 2928 varia
290 2867 364 2930 levis
387 2869 561 2937 nutrimenti
572 2886 691 2954 genera,
